
   <marc:record>
      <marc:leader>     cam a22        4500</marc:leader>
      <marc:controlfield tag="001">358503779</marc:controlfield>
      <marc:controlfield tag="003">DE-576</marc:controlfield>
      <marc:controlfield tag="005">20201218171104.0</marc:controlfield>
      <marc:controlfield tag="007">tu</marc:controlfield>
      <marc:controlfield tag="008">120210s1948    xxu|||||      00| ||eng c</marc:controlfield>
      <marc:datafield tag="035" ind1=" " ind2=" ">
         <marc:subfield code="a">(DE-627)1428503773</marc:subfield>
      </marc:datafield>
      <marc:datafield tag="035" ind1=" " ind2=" ">
         <marc:subfield code="a">(DE-576)358503779</marc:subfield>
      </marc:datafield>
      <marc:datafield tag="035" ind1=" " ind2=" ">
         <marc:subfield code="a">(DE-599)GBV310034663</marc:subfield>
      </marc:datafield>
      <marc:datafield tag="035" ind1=" " ind2=" ">
         <marc:subfield code="a">(OCoLC)265004766</marc:subfield>
      </marc:datafield>
      <marc:datafield tag="040" ind1=" " ind2=" ">
         <marc:subfield code="a">DE-576</marc:subfield>
         <marc:subfield code="b">ger</marc:subfield>
         <marc:subfield code="c">DE-576</marc:subfield>
         <marc:subfield code="e">rda</marc:subfield>
      </marc:datafield>
      <marc:datafield tag="041" ind1=" " ind2=" ">
         <marc:subfield code="a">eng</marc:subfield>
      </marc:datafield>
      <marc:datafield tag="044" ind1=" " ind2=" ">
         <marc:subfield code="c">XD-US</marc:subfield>
      </marc:datafield>
      <marc:datafield tag="084" ind1=" " ind2=" ">
         <marc:subfield code="a">AP 85480</marc:subfield>
         <marc:subfield code="2">rvk</marc:subfield>
         <marc:subfield code="0">(DE-625)rvk/8054:740</marc:subfield>
      </marc:datafield>
      <marc:datafield tag="100" ind1="1" ind2=" ">
         <marc:subfield code="a">Duggan, Anne Schley</marc:subfield>
         <marc:subfield code="e">VerfasserIn</marc:subfield>
         <marc:subfield code="0">(DE-627)1245134701</marc:subfield>
         <marc:subfield code="0">(DE-576)175134707</marc:subfield>
         <marc:subfield code="4">aut</marc:subfield>
      </marc:datafield>
      <marc:datafield tag="245" ind1="1" ind2="0">
         <marc:subfield code="a">Folk Dances of the United States and Mexico</marc:subfield>
         <marc:subfield code="c">Anne Schley Duggan, Jeanette Schlottmann, Abbie Rutledge</marc:subfield>
      </marc:datafield>
      <marc:datafield tag="264" ind1=" " ind2="1">
         <marc:subfield code="a">New York</marc:subfield>
         <marc:subfield code="b">A.S. Barnes and Company</marc:subfield>
         <marc:subfield code="c">[1948]</marc:subfield>
      </marc:datafield>
      <marc:datafield tag="264" ind1=" " ind2="4">
         <marc:subfield code="c">© 1948</marc:subfield>
      </marc:datafield>
      <marc:datafield tag="300" ind1=" " ind2=" ">
         <marc:subfield code="a">159 Seiten</marc:subfield>
         <marc:subfield code="b">Illustrationen, Notenbeispiele</marc:subfield>
      </marc:datafield>
      <marc:datafield tag="336" ind1=" " ind2=" ">
         <marc:subfield code="a">Text</marc:subfield>
         <marc:subfield code="b">txt</marc:subfield>
         <marc:subfield code="2">rdacontent</marc:subfield>
      </marc:datafield>
      <marc:datafield tag="337" ind1=" " ind2=" ">
         <marc:subfield code="a">ohne Hilfsmittel zu benutzen</marc:subfield>
         <marc:subfield code="b">n</marc:subfield>
         <marc:subfield code="2">rdamedia</marc:subfield>
      </marc:datafield>
      <marc:datafield tag="338" ind1=" " ind2=" ">
         <marc:subfield code="a">Band</marc:subfield>
         <marc:subfield code="b">nc</marc:subfield>
         <marc:subfield code="2">rdacarrier</marc:subfield>
      </marc:datafield>
      <marc:datafield tag="490" ind1="0" ind2=" ">
         <marc:subfield code="a">The Folk Dance Library</marc:subfield>
      </marc:datafield>
      <marc:datafield tag="583" ind1="1" ind2=" ">
         <marc:subfield code="a">Archivierung/Langzeitarchivierung geplant</marc:subfield>
         <marc:subfield code="c">20200919</marc:subfield>
         <marc:subfield code="f">DE-640</marc:subfield>
         <marc:subfield code="z">1</marc:subfield>
         <marc:subfield code="2">pdager</marc:subfield>
      </marc:datafield>
      <marc:datafield tag="700" ind1="1" ind2=" ">
         <marc:subfield code="a">Schlottmann, Jeanette</marc:subfield>
         <marc:subfield code="e">VerfasserIn</marc:subfield>
         <marc:subfield code="4">aut</marc:subfield>
      </marc:datafield>
      <marc:datafield tag="700" ind1="1" ind2=" ">
         <marc:subfield code="a">Rutledge, Abbie</marc:subfield>
         <marc:subfield code="e">VerfasserIn</marc:subfield>
         <marc:subfield code="4">aut</marc:subfield>
      </marc:datafield>
      <marc:datafield tag="850" ind1=" " ind2=" ">
         <marc:subfield code="a">ab</marc:subfield>
      </marc:datafield>
      <marc:datafield tag="936" ind1="r" ind2="v">
         <marc:subfield code="a">AP 85480</marc:subfield>
         <marc:subfield code="b">Amerika, Indianische Welt</marc:subfield>
         <marc:subfield code="k">Allgemeines</marc:subfield>
         <marc:subfield code="k">Medien- und Kommunikationswissenschaften, Kommunikationsdesign</marc:subfield>
         <marc:subfield code="k">Tanz</marc:subfield>
         <marc:subfield code="k">Volkstanz</marc:subfield>
         <marc:subfield code="k">Volkstänze in einzelnen Ländern</marc:subfield>
         <marc:subfield code="k">Amerika, Indianische Welt</marc:subfield>
         <marc:subfield code="0">(DE-627)1273381505</marc:subfield>
         <marc:subfield code="0">(DE-625)rvk/8054:740</marc:subfield>
         <marc:subfield code="0">(DE-576)203381505</marc:subfield>
      </marc:datafield>
      <marc:datafield tag="951" ind1=" " ind2=" ">
         <marc:subfield code="a">BO</marc:subfield>
      </marc:datafield>
   </marc:record>