
   <marc:record>
      <marc:leader>     cam a22       c4500</marc:leader>
      <marc:controlfield tag="001">348403720</marc:controlfield>
      <marc:controlfield tag="003">DE-576</marc:controlfield>
      <marc:controlfield tag="005">20201218164534.0</marc:controlfield>
      <marc:controlfield tag="007">tu</marc:controlfield>
      <marc:controlfield tag="008">110809s1700    xx |||||      00| ||fre c</marc:controlfield>
      <marc:datafield tag="035" ind1=" " ind2=" ">
         <marc:subfield code="a">(DE-627)1418403725</marc:subfield>
      </marc:datafield>
      <marc:datafield tag="035" ind1=" " ind2=" ">
         <marc:subfield code="a">(DE-576)348403720</marc:subfield>
      </marc:datafield>
      <marc:datafield tag="035" ind1=" " ind2=" ">
         <marc:subfield code="a">(DE-599)BSZ348403720</marc:subfield>
      </marc:datafield>
      <marc:datafield tag="040" ind1=" " ind2=" ">
         <marc:subfield code="a">DE-576</marc:subfield>
         <marc:subfield code="b">ger</marc:subfield>
         <marc:subfield code="c">DE-576</marc:subfield>
         <marc:subfield code="e">rakwb</marc:subfield>
      </marc:datafield>
      <marc:datafield tag="041" ind1=" " ind2=" ">
         <marc:subfield code="a">fre</marc:subfield>
      </marc:datafield>
      <marc:datafield tag="245" ind1="1" ind2="0">
         <marc:subfield code="a">Recueil Des Opera, Des Ballets, &amp; des plus-belles Pièces en Musique, qui ont éte representées depuis dix ou douze ans jusques à présent devant sa Majesté tres-Chrestiennne</marc:subfield>
         <marc:subfield code="n">6</marc:subfield>
      </marc:datafield>
      <marc:datafield tag="246" ind1="3" ind2="0">
         <marc:subfield code="a">quatre saisons 1700 1696 1699 1697</marc:subfield>
      </marc:datafield>
      <marc:datafield tag="250" ind1=" " ind2=" ">
         <marc:subfield code="a">[Textbuch]. - Suivant la Copie de Paris</marc:subfield>
      </marc:datafield>
      <marc:datafield tag="264" ind1=" " ind2="1">
         <marc:subfield code="a">Amsterdam</marc:subfield>
         <marc:subfield code="b">Schelte</marc:subfield>
         <marc:subfield code="c">1700</marc:subfield>
      </marc:datafield>
      <marc:datafield tag="300" ind1=" " ind2=" ">
         <marc:subfield code="a">[2] Bl., 43, 40, 48, 48, 23 S., [1] Bl., 52, 55 S.</marc:subfield>
         <marc:subfield code="b">Ill.</marc:subfield>
         <marc:subfield code="c">12o</marc:subfield>
      </marc:datafield>
      <marc:datafield tag="336" ind1=" " ind2=" ">
         <marc:subfield code="a">Text</marc:subfield>
         <marc:subfield code="b">txt</marc:subfield>
         <marc:subfield code="2">rdacontent</marc:subfield>
      </marc:datafield>
      <marc:datafield tag="337" ind1=" " ind2=" ">
         <marc:subfield code="a">ohne Hilfsmittel zu benutzen</marc:subfield>
         <marc:subfield code="b">n</marc:subfield>
         <marc:subfield code="2">rdamedia</marc:subfield>
      </marc:datafield>
      <marc:datafield tag="338" ind1=" " ind2=" ">
         <marc:subfield code="a">Band</marc:subfield>
         <marc:subfield code="b">nc</marc:subfield>
         <marc:subfield code="2">rdacarrier</marc:subfield>
      </marc:datafield>
      <marc:datafield tag="500" ind1=" " ind2=" ">
         <marc:subfield code="a">Sammelausg. mit d. Erscheinungsjahren 1696 - 1699. - Ursprüngl. Erscheinungsjahr des 1., 2. enth. Werkes: 1696. - Ursprüngl. Erscheinungsjahr des 3., 4., 5. und 6. enth. Werkes: 1699. - Ursprüngl. Erscheinungsjahr des 7. enth. Werkes: 1697. - Das 6. und 7. enth. Werk erschien erstmals 1696</marc:subfield>
      </marc:datafield>
      <marc:datafield tag="500" ind1=" " ind2=" ">
         <marc:subfield code="a">Vorlageform des Erscheinungsvermerks: Suivant la Copie de Paris, A Amsterdam, Chez les Héretiers D'Antoine Schelte. 1700</marc:subfield>
      </marc:datafield>
      <marc:datafield tag="501" ind1=" " ind2=" ">
         <marc:subfield code="a">Ballet Des Amours De Momus : En Musique Dansé; Par l'Académie Royale de Musique / [Musik: Henri Desmarets. Text: Joseph-François Duché de Vancy] [Les @amours de Momus. - Suivant la Copie imprimée A Paris. A Amsterdam. Chez Antoine Schelte, Marchand Libraire, prés de la Bourse, 1696]</marc:subfield>
      </marc:datafield>
      <marc:datafield tag="501" ind1=" " ind2=" ">
         <marc:subfield code="a">Ballet Des Saisons : Representé Par l'Academie Royalle De Musique / [Musik: Pascal Colasse ; Louis de Lully. Text: Jean Pic]. - Suivant la Copie imprimée A Paris. A Amsterdam. Chez Antoine Schelte, Marchand Libraire, près de la Bourse, 1696</marc:subfield>
      </marc:datafield>
      <marc:datafield tag="501" ind1=" " ind2=" ">
         <marc:subfield code="a">Aricie : Ballet En Musique, Representé par l'Académie Royalle de Musique / [Musik: Louis de La Coste. Text: Jean Pic]. - A Amsterdam, Chez les Héretiers D'Antoine Schelte, 1699</marc:subfield>
      </marc:datafield>
      <marc:datafield tag="501" ind1=" " ind2=" ">
         <marc:subfield code="a">L'Europe Galante : Ballet En Musique, Representé Par l'Academie Royale De Musique / [Musik: André Campra. Text: Antoine Houdar de la Motte]. - A Amsterdam, Chez les Heritiers D'Antoine Schelte, 1699</marc:subfield>
      </marc:datafield>
      <marc:datafield tag="501" ind1=" " ind2=" ">
         <marc:subfield code="a">Ballet De Villeneuve-Saint-George : Dancé devant Monseigneur le premier Septembre 1692. Par l'Academie Royalle de Musique / [Musik: Pascal Colasse. Text: Banzy]. - A Amsterdam, Chez les Héretiers D'Antoine Schelte, 1699</marc:subfield>
      </marc:datafield>
      <marc:datafield tag="501" ind1=" " ind2=" ">
         <marc:subfield code="a">Ariane et Bachus : Tragedie. Representée Par L'Academie Royale de Musique / [Musik: Marin Marais. Text: Saint Jean]. - A Amsterdam, Chez les Héretiers D'Antoine Schelte, 1699</marc:subfield>
      </marc:datafield>
      <marc:datafield tag="501" ind1=" " ind2=" ">
         <marc:subfield code="a">La Naissance De Venus : Opera En Musique Representé Par l'Academie Royale de Musique / [Musik: Pascal Collasse ; Jean-Baptiste Lully. Text: Jean Pic]. - Suivant la Copie imprimée A Paris. A Amsterdam. Chez Antoine Schelte, Marchand Libraire, près de la Bourse, 1697</marc:subfield>
      </marc:datafield>
      <marc:datafield tag="583" ind1="1" ind2=" ">
         <marc:subfield code="a">Archivierung/Langzeitarchivierung geplant</marc:subfield>
         <marc:subfield code="c">20200919</marc:subfield>
         <marc:subfield code="f">DE-640</marc:subfield>
         <marc:subfield code="z">1</marc:subfield>
         <marc:subfield code="2">pdager</marc:subfield>
      </marc:datafield>
      <marc:datafield tag="591" ind1=" " ind2=" ">
         <marc:subfield code="a">Von "La Naissance de Venus" gab es 1665 [LWV 27] eine andere Aufführung deren Textautor Isaac de Benserade ist ; IMD-Felder und 1131 maschinell ergänzt (SWB)</marc:subfield>
      </marc:datafield>
      <marc:datafield tag="700" ind1="1" ind2=" ">
         <marc:subfield code="a">Desmarets, Henry</marc:subfield>
         <marc:subfield code="d">1661-1741</marc:subfield>
         <marc:subfield code="e">Komp.</marc:subfield>
         <marc:subfield code="0">(DE-588)118834959</marc:subfield>
         <marc:subfield code="0">(DE-627)079609678</marc:subfield>
         <marc:subfield code="0">(DE-576)210122447</marc:subfield>
         <marc:subfield code="4">cmp</marc:subfield>
      </marc:datafield>
      <marc:datafield tag="700" ind1="1" ind2=" ">
         <marc:subfield code="a">Banzy, ... de</marc:subfield>
         <marc:subfield code="0">(DE-588)137797052</marc:subfield>
         <marc:subfield code="0">(DE-627)595322026</marc:subfield>
         <marc:subfield code="0">(DE-576)305323075</marc:subfield>
         <marc:subfield code="4">oth</marc:subfield>
      </marc:datafield>
      <marc:datafield tag="700" ind1="1" ind2=" ">
         <marc:subfield code="a">Marais, Marin</marc:subfield>
         <marc:subfield code="d">1656-1728</marc:subfield>
         <marc:subfield code="e">Komp.</marc:subfield>
         <marc:subfield code="0">(DE-588)119043688</marc:subfield>
         <marc:subfield code="0">(DE-627)134587952</marc:subfield>
         <marc:subfield code="0">(DE-576)165496312</marc:subfield>
         <marc:subfield code="4">cmp</marc:subfield>
      </marc:datafield>
      <marc:datafield tag="700" ind1="0" ind2=" ">
         <marc:subfield code="a">Saint-Jean</marc:subfield>
         <marc:subfield code="0">(DE-588)137523289</marc:subfield>
         <marc:subfield code="0">(DE-627)592909670</marc:subfield>
         <marc:subfield code="0">(DE-576)304101265</marc:subfield>
         <marc:subfield code="4">oth</marc:subfield>
      </marc:datafield>
      <marc:datafield tag="700" ind1="1" ind2=" ">
         <marc:subfield code="a">Lully, Jean-Baptiste</marc:subfield>
         <marc:subfield code="d">1632-1687</marc:subfield>
         <marc:subfield code="e">Komp.</marc:subfield>
         <marc:subfield code="0">(DE-588)118575287</marc:subfield>
         <marc:subfield code="0">(DE-627)134627091</marc:subfield>
         <marc:subfield code="0">(DE-576)166409278</marc:subfield>
         <marc:subfield code="4">cmp</marc:subfield>
      </marc:datafield>
      <marc:datafield tag="700" ind1="1" ind2=" ">
         <marc:subfield code="a">Duché de Vancy, Joseph-François</marc:subfield>
         <marc:subfield code="d">1668-1704</marc:subfield>
         <marc:subfield code="0">(DE-588)136872816</marc:subfield>
         <marc:subfield code="0">(DE-627)587824328</marc:subfield>
         <marc:subfield code="0">(DE-576)301319766</marc:subfield>
         <marc:subfield code="4">oth</marc:subfield>
      </marc:datafield>
      <marc:datafield tag="700" ind1="1" ind2=" ">
         <marc:subfield code="a">Collasse, Pascal</marc:subfield>
         <marc:subfield code="d">1649-1709</marc:subfield>
         <marc:subfield code="e">Komp.</marc:subfield>
         <marc:subfield code="0">(DE-588)123808049</marc:subfield>
         <marc:subfield code="0">(DE-627)082779317</marc:subfield>
         <marc:subfield code="0">(DE-576)167325906</marc:subfield>
         <marc:subfield code="4">cmp</marc:subfield>
      </marc:datafield>
      <marc:datafield tag="700" ind1="1" ind2=" ">
         <marc:subfield code="a">Lully, Louis</marc:subfield>
         <marc:subfield code="d">1664-1734</marc:subfield>
         <marc:subfield code="e">Komp.</marc:subfield>
         <marc:subfield code="0">(DE-588)132416301</marc:subfield>
         <marc:subfield code="0">(DE-627)521221323</marc:subfield>
         <marc:subfield code="0">(DE-576)173165109</marc:subfield>
         <marc:subfield code="4">cmp</marc:subfield>
      </marc:datafield>
      <marc:datafield tag="700" ind1="1" ind2=" ">
         <marc:subfield code="a">Pic, Jean</marc:subfield>
         <marc:subfield code="0">(DE-627)1235796213</marc:subfield>
         <marc:subfield code="0">(DE-576)165796219</marc:subfield>
         <marc:subfield code="4">oth</marc:subfield>
      </marc:datafield>
      <marc:datafield tag="700" ind1="1" ind2=" ">
         <marc:subfield code="a">Marais, Marin</marc:subfield>
         <marc:subfield code="d">1656-1728</marc:subfield>
         <marc:subfield code="0">(DE-588)119043688</marc:subfield>
         <marc:subfield code="0">(DE-627)134587952</marc:subfield>
         <marc:subfield code="0">(DE-576)165496312</marc:subfield>
         <marc:subfield code="4">oth</marc:subfield>
      </marc:datafield>
      <marc:datafield tag="700" ind1="1" ind2=" ">
         <marc:subfield code="a">La Coste, Louis de</marc:subfield>
         <marc:subfield code="d">1675-1750</marc:subfield>
         <marc:subfield code="e">Komp.</marc:subfield>
         <marc:subfield code="0">(DE-588)134984102</marc:subfield>
         <marc:subfield code="0">(DE-627)57621339X</marc:subfield>
         <marc:subfield code="0">(DE-576)265150175</marc:subfield>
         <marc:subfield code="4">cmp</marc:subfield>
      </marc:datafield>
      <marc:datafield tag="700" ind1="1" ind2=" ">
         <marc:subfield code="a">Campra, André</marc:subfield>
         <marc:subfield code="d">1660-1744</marc:subfield>
         <marc:subfield code="e">Komp.</marc:subfield>
         <marc:subfield code="0">(DE-588)118668188</marc:subfield>
         <marc:subfield code="0">(DE-627)079452450</marc:subfield>
         <marc:subfield code="0">(DE-576)16663350X</marc:subfield>
         <marc:subfield code="4">cmp</marc:subfield>
      </marc:datafield>
      <marc:datafield tag="700" ind1="1" ind2=" ">
         <marc:subfield code="a">La Motte, Antoine Houdar de</marc:subfield>
         <marc:subfield code="d">1672-1731</marc:subfield>
         <marc:subfield code="0">(DE-588)104270632</marc:subfield>
         <marc:subfield code="0">(DE-627)133891976</marc:subfield>
         <marc:subfield code="0">(DE-576)213501228</marc:subfield>
         <marc:subfield code="4">oth</marc:subfield>
      </marc:datafield>
      <marc:datafield tag="751" ind1=" " ind2=" ">
         <marc:subfield code="a">Amsterdam</marc:subfield>
         <marc:subfield code="0">(DE-588)4001783-7</marc:subfield>
         <marc:subfield code="0">(DE-627)106395750</marc:subfield>
         <marc:subfield code="0">(DE-576)208844317</marc:subfield>
         <marc:subfield code="4">pup</marc:subfield>
      </marc:datafield>
      <marc:datafield tag="773" ind1="1" ind2="8">
         <marc:subfield code="w">(DE-627)1087504546</marc:subfield>
         <marc:subfield code="w">(DE-576)017504546</marc:subfield>
         <marc:subfield code="g">6</marc:subfield>
         <marc:subfield code="q">6,1700</marc:subfield>
      </marc:datafield>
      <marc:datafield tag="850" ind1=" " ind2=" ">
         <marc:subfield code="a">ab</marc:subfield>
      </marc:datafield>
      <marc:datafield tag="951" ind1=" " ind2=" ">
         <marc:subfield code="a">MV</marc:subfield>
      </marc:datafield>
   </marc:record>