
   <marc:record>
      <marc:leader>     cgm a22        4500</marc:leader>
      <marc:controlfield tag="001">336759363</marc:controlfield>
      <marc:controlfield tag="003">DE-576</marc:controlfield>
      <marc:controlfield tag="005">20180827095905.0</marc:controlfield>
      <marc:controlfield tag="007">vd uvuuuu</marc:controlfield>
      <marc:controlfield tag="008">110128s2010    xx ||| |      |   v|eng c</marc:controlfield>
      <marc:datafield tag="024" ind1="3" ind2=" ">
         <marc:subfield code="a">809478010258</marc:subfield>
      </marc:datafield>
      <marc:datafield tag="028" ind1="5" ind2="2">
         <marc:subfield code="a">OA 1025 D</marc:subfield>
      </marc:datafield>
      <marc:datafield tag="035" ind1=" " ind2=" ">
         <marc:subfield code="a">(DE-627)1406759368</marc:subfield>
      </marc:datafield>
      <marc:datafield tag="035" ind1=" " ind2=" ">
         <marc:subfield code="a">(DE-576)336759363</marc:subfield>
      </marc:datafield>
      <marc:datafield tag="035" ind1=" " ind2=" ">
         <marc:subfield code="a">(DE-599)BSZ336759363</marc:subfield>
      </marc:datafield>
      <marc:datafield tag="035" ind1=" " ind2=" ">
         <marc:subfield code="a">(OCoLC)706974133</marc:subfield>
      </marc:datafield>
      <marc:datafield tag="035" ind1=" " ind2=" ">
         <marc:subfield code="a">(OCoLC)1047800919</marc:subfield>
      </marc:datafield>
      <marc:datafield tag="040" ind1=" " ind2=" ">
         <marc:subfield code="a">DE-576</marc:subfield>
         <marc:subfield code="b">ger</marc:subfield>
         <marc:subfield code="c">DE-576</marc:subfield>
         <marc:subfield code="e">rakwb</marc:subfield>
      </marc:datafield>
      <marc:datafield tag="041" ind1=" " ind2=" ">
         <marc:subfield code="a">eng</marc:subfield>
         <marc:subfield code="a">fre</marc:subfield>
         <marc:subfield code="a">ger</marc:subfield>
         <marc:subfield code="a">spa</marc:subfield>
      </marc:datafield>
      <marc:datafield tag="084" ind1=" " ind2=" ">
         <marc:subfield code="a">AP 88150</marc:subfield>
         <marc:subfield code="2">rvk</marc:subfield>
         <marc:subfield code="0">(DE-625)rvk/8105:</marc:subfield>
      </marc:datafield>
      <marc:datafield tag="084" ind1=" " ind2=" ">
         <marc:subfield code="a">AP 88100</marc:subfield>
         <marc:subfield code="2">rvk</marc:subfield>
         <marc:subfield code="0">(DE-625)rvk/8104:</marc:subfield>
      </marc:datafield>
      <marc:datafield tag="100" ind1="1" ind2=" ">
         <marc:subfield code="a">Händel, Georg Friedrich</marc:subfield>
         <marc:subfield code="d">1685-1759</marc:subfield>
         <marc:subfield code="0">(DE-588)118544489</marc:subfield>
         <marc:subfield code="0">(DE-627)134588193</marc:subfield>
         <marc:subfield code="0">(DE-576)161262570</marc:subfield>
         <marc:subfield code="4">aut</marc:subfield>
      </marc:datafield>
      <marc:datafield tag="245" ind1="1" ind2="0">
         <marc:subfield code="a">Acis and Galatea</marc:subfield>
         <marc:subfield code="b">pastoral opera in two acts</marc:subfield>
         <marc:subfield code="c">music: George Frederic Handel. Libretto: John Gay ... Director and choreographer: Wayne McGregor. Film director: Jonathan Haswell</marc:subfield>
      </marc:datafield>
      <marc:datafield tag="264" ind1=" " ind2="1">
         <marc:subfield code="a">[S.l.]</marc:subfield>
         <marc:subfield code="b">Opus Arte</marc:subfield>
         <marc:subfield code="c">2010</marc:subfield>
      </marc:datafield>
      <marc:datafield tag="300" ind1=" " ind2=" ">
         <marc:subfield code="a">1 DVD-Video (NTSC, Regionalcode 0, 110 Min.)</marc:subfield>
         <marc:subfield code="b">farb., LPCM stereo, DTS</marc:subfield>
         <marc:subfield code="c">12 cm</marc:subfield>
         <marc:subfield code="e">Beih. (25 S.)</marc:subfield>
      </marc:datafield>
      <marc:datafield tag="336" ind1=" " ind2=" ">
         <marc:subfield code="a">aufgeführte Musik</marc:subfield>
         <marc:subfield code="b">prm</marc:subfield>
         <marc:subfield code="2">rdacontent</marc:subfield>
      </marc:datafield>
      <marc:datafield tag="336" ind1=" " ind2=" ">
         <marc:subfield code="a">zweidimensionales bewegtes Bild</marc:subfield>
         <marc:subfield code="b">tdi</marc:subfield>
         <marc:subfield code="2">rdacontent</marc:subfield>
      </marc:datafield>
      <marc:datafield tag="337" ind1=" " ind2=" ">
         <marc:subfield code="a">video</marc:subfield>
         <marc:subfield code="b">v</marc:subfield>
         <marc:subfield code="2">rdamedia</marc:subfield>
      </marc:datafield>
      <marc:datafield tag="338" ind1=" " ind2=" ">
         <marc:subfield code="a">Videodisk</marc:subfield>
         <marc:subfield code="b">vd</marc:subfield>
         <marc:subfield code="2">rdacarrier</marc:subfield>
      </marc:datafield>
      <marc:datafield tag="500" ind1=" " ind2=" ">
         <marc:subfield code="a">Engl. gesungen. - Untertitel: engl., franz., span. - Extra features: Illustrated synopsis, Cast gallery, Staging Acis and Galatea</marc:subfield>
      </marc:datafield>
      <marc:datafield tag="500" ind1=" " ind2=" ">
         <marc:subfield code="a">Operinszenierung. Großbritannien. 2009</marc:subfield>
      </marc:datafield>
      <marc:datafield tag="511" ind1="0" ind2=" ">
         <marc:subfield code="a">Interpr.: Galatea: Danielle de Niese/Lauren Cuthbertson. Acis: Charles Workman/Edward Watson. Damon: Paul Agnew/Steven McRae, Melissa Hamilton. Polyphemus: Matthew Rose/Eric Underwood. Coridon: Ji-Min Park/Paul Kay. Dancers of The Royal Ballet. Orchestra of the Age of Enlightenment. The Royal Opera Extra Chorus. Conductor: Christopher Hogwood. - Live-Aufn.: London, Royal Opera House, Covent Garden, 2009</marc:subfield>
      </marc:datafield>
      <marc:datafield tag="591" ind1=" " ind2=" ">
         <marc:subfield code="a">IMD-Felder und 1131 maschinell ergänzt (SWB)</marc:subfield>
      </marc:datafield>
      <marc:datafield tag="655" ind1=" " ind2="7">
         <marc:subfield code="a">Film</marc:subfield>
         <marc:subfield code="0">(DE-588)4017102-4</marc:subfield>
         <marc:subfield code="0">(DE-627)104559683</marc:subfield>
         <marc:subfield code="0">(DE-576)208918531</marc:subfield>
         <marc:subfield code="2">gnd-content</marc:subfield>
      </marc:datafield>
      <marc:datafield tag="655" ind1=" " ind2="7">
         <marc:subfield code="a">DVD-Video</marc:subfield>
         <marc:subfield code="0">(DE-588)4585125-6</marc:subfield>
         <marc:subfield code="0">(DE-627)325263515</marc:subfield>
         <marc:subfield code="0">(DE-576)213973456</marc:subfield>
         <marc:subfield code="2">gnd-carrier</marc:subfield>
      </marc:datafield>
      <marc:datafield tag="700" ind1="1" ind2=" ">
         <marc:subfield code="a">Gay, John</marc:subfield>
         <marc:subfield code="d">1685-1732</marc:subfield>
         <marc:subfield code="0">(DE-588)118716573</marc:subfield>
         <marc:subfield code="0">(DE-627)134619463</marc:subfield>
         <marc:subfield code="0">(DE-576)161073549</marc:subfield>
         <marc:subfield code="4">oth</marc:subfield>
      </marc:datafield>
      <marc:datafield tag="700" ind1="1" ind2=" ">
         <marc:subfield code="a">McGregor, Wayne</marc:subfield>
         <marc:subfield code="4">oth</marc:subfield>
      </marc:datafield>
      <marc:datafield tag="700" ind1="1" ind2=" ">
         <marc:subfield code="a">Haswell, Jonathan</marc:subfield>
         <marc:subfield code="0">(DE-588)1153071207</marc:subfield>
         <marc:subfield code="0">(DE-627)1014462789</marc:subfield>
         <marc:subfield code="0">(DE-576)301475814</marc:subfield>
         <marc:subfield code="4">oth</marc:subfield>
      </marc:datafield>
      <marc:datafield tag="700" ind1="1" ind2=" ">
         <marc:subfield code="a">Cuthbertson, Lauren</marc:subfield>
         <marc:subfield code="d">1964-</marc:subfield>
         <marc:subfield code="0">(DE-588)143952129</marc:subfield>
         <marc:subfield code="0">(DE-627)656369213</marc:subfield>
         <marc:subfield code="0">(DE-576)336760884</marc:subfield>
         <marc:subfield code="4">oth</marc:subfield>
      </marc:datafield>
      <marc:datafield tag="700" ind1="1" ind2=" ">
         <marc:subfield code="a">Watson, Edward</marc:subfield>
         <marc:subfield code="d">1976-</marc:subfield>
         <marc:subfield code="0">(DE-588)143951963</marc:subfield>
         <marc:subfield code="0">(DE-627)656369175</marc:subfield>
         <marc:subfield code="0">(DE-576)336760957</marc:subfield>
         <marc:subfield code="4">oth</marc:subfield>
      </marc:datafield>
      <marc:datafield tag="700" ind1="1" ind2=" ">
         <marc:subfield code="a">McRae, Steven</marc:subfield>
         <marc:subfield code="d">1986-</marc:subfield>
         <marc:subfield code="0">(DE-588)143951882</marc:subfield>
         <marc:subfield code="0">(DE-627)704654261</marc:subfield>
         <marc:subfield code="0">(DE-576)33676104X</marc:subfield>
         <marc:subfield code="4">oth</marc:subfield>
      </marc:datafield>
      <marc:datafield tag="700" ind1="1" ind2=" ">
         <marc:subfield code="a">Hamilton, Melissa</marc:subfield>
         <marc:subfield code="0">(DE-588)143951807</marc:subfield>
         <marc:subfield code="0">(DE-627)704654229</marc:subfield>
         <marc:subfield code="0">(DE-576)336761074</marc:subfield>
         <marc:subfield code="4">oth</marc:subfield>
      </marc:datafield>
      <marc:datafield tag="700" ind1="1" ind2=" ">
         <marc:subfield code="a">Underwood, Eric</marc:subfield>
         <marc:subfield code="0">(DE-588)143951785</marc:subfield>
         <marc:subfield code="0">(DE-627)704654210</marc:subfield>
         <marc:subfield code="0">(DE-576)336761090</marc:subfield>
         <marc:subfield code="4">oth</marc:subfield>
      </marc:datafield>
      <marc:datafield tag="700" ind1="1" ind2=" ">
         <marc:subfield code="a">Kay, Paul</marc:subfield>
         <marc:subfield code="0">(DE-588)143951726</marc:subfield>
         <marc:subfield code="0">(DE-627)704654199</marc:subfield>
         <marc:subfield code="0">(DE-576)336761139</marc:subfield>
         <marc:subfield code="4">oth</marc:subfield>
      </marc:datafield>
      <marc:datafield tag="700" ind1="1" ind2=" ">
         <marc:subfield code="a">Hogwood, Christopher</marc:subfield>
         <marc:subfield code="d">1941-2014</marc:subfield>
         <marc:subfield code="0">(DE-588)12434965X</marc:subfield>
         <marc:subfield code="0">(DE-627)085803987</marc:subfield>
         <marc:subfield code="0">(DE-576)161464173</marc:subfield>
         <marc:subfield code="4">prf</marc:subfield>
      </marc:datafield>
      <marc:datafield tag="700" ind1="1" ind2=" ">
         <marc:subfield code="a">De Niese, Danielle</marc:subfield>
         <marc:subfield code="d">1980-</marc:subfield>
         <marc:subfield code="0">(DE-588)130290319</marc:subfield>
         <marc:subfield code="0">(DE-627)497365790</marc:subfield>
         <marc:subfield code="0">(DE-576)26632987X</marc:subfield>
         <marc:subfield code="4">prf</marc:subfield>
      </marc:datafield>
      <marc:datafield tag="700" ind1="1" ind2=" ">
         <marc:subfield code="a">Workman, Charles</marc:subfield>
         <marc:subfield code="d">1965-</marc:subfield>
         <marc:subfield code="0">(DE-588)134743709</marc:subfield>
         <marc:subfield code="0">(DE-627)576004960</marc:subfield>
         <marc:subfield code="0">(DE-576)181522128</marc:subfield>
         <marc:subfield code="4">prf</marc:subfield>
      </marc:datafield>
      <marc:datafield tag="700" ind1="1" ind2=" ">
         <marc:subfield code="a">Agnew, Paul</marc:subfield>
         <marc:subfield code="d">1964-</marc:subfield>
         <marc:subfield code="0">(DE-588)123690021</marc:subfield>
         <marc:subfield code="0">(DE-627)082709785</marc:subfield>
         <marc:subfield code="0">(DE-576)172138175</marc:subfield>
         <marc:subfield code="4">prf</marc:subfield>
      </marc:datafield>
      <marc:datafield tag="700" ind1="1" ind2=" ">
         <marc:subfield code="a">Rose, Matthew</marc:subfield>
         <marc:subfield code="d">1978-</marc:subfield>
         <marc:subfield code="0">(DE-588)138033749</marc:subfield>
         <marc:subfield code="0">(DE-627)598879315</marc:subfield>
         <marc:subfield code="0">(DE-576)255032536</marc:subfield>
         <marc:subfield code="4">prf</marc:subfield>
      </marc:datafield>
      <marc:datafield tag="700" ind1="1" ind2=" ">
         <marc:subfield code="a">Park, Ji-Min</marc:subfield>
         <marc:subfield code="d">1978-</marc:subfield>
         <marc:subfield code="0">(DE-588)143952366</marc:subfield>
         <marc:subfield code="0">(DE-627)704654369</marc:subfield>
         <marc:subfield code="0">(DE-576)336760027</marc:subfield>
         <marc:subfield code="4">prf</marc:subfield>
      </marc:datafield>
      <marc:datafield tag="700" ind1="1" ind2=" ">
         <marc:subfield code="a">Schiemann, Juliet</marc:subfield>
         <marc:subfield code="0">(DE-588)14395248X</marc:subfield>
         <marc:subfield code="0">(DE-627)704654415</marc:subfield>
         <marc:subfield code="0">(DE-576)336760108</marc:subfield>
         <marc:subfield code="4">prf</marc:subfield>
      </marc:datafield>
      <marc:datafield tag="700" ind1="1" ind2=" ">
         <marc:subfield code="a">Bell, Phillip</marc:subfield>
         <marc:subfield code="0">(DE-588)143952307</marc:subfield>
         <marc:subfield code="0">(DE-627)704654350</marc:subfield>
         <marc:subfield code="0">(DE-576)336760302</marc:subfield>
         <marc:subfield code="4">prf</marc:subfield>
      </marc:datafield>
      <marc:datafield tag="710" ind1="2" ind2=" ">
         <marc:subfield code="a">Orchestra of the Age of Enlightenment</marc:subfield>
         <marc:subfield code="0">(DE-588)1215781-8</marc:subfield>
         <marc:subfield code="0">(DE-627)101021771</marc:subfield>
         <marc:subfield code="0">(DE-576)193249790</marc:subfield>
         <marc:subfield code="4">prf</marc:subfield>
      </marc:datafield>
      <marc:datafield tag="710" ind1="2" ind2=" ">
         <marc:subfield code="a">Royal Opera House Covent Garden</marc:subfield>
         <marc:subfield code="g">London</marc:subfield>
         <marc:subfield code="b">Extra Chorus</marc:subfield>
         <marc:subfield code="0">(DE-588)16102337-X</marc:subfield>
         <marc:subfield code="0">(DE-627)714817678</marc:subfield>
         <marc:subfield code="0">(DE-576)336761538</marc:subfield>
         <marc:subfield code="4">prf</marc:subfield>
      </marc:datafield>
      <marc:datafield tag="710" ind1="2" ind2=" ">
         <marc:subfield code="a">Royal Ballet</marc:subfield>
         <marc:subfield code="g">London</marc:subfield>
         <marc:subfield code="0">(DE-588)5105994-0</marc:subfield>
         <marc:subfield code="0">(DE-627)153015411</marc:subfield>
         <marc:subfield code="0">(DE-576)194814319</marc:subfield>
         <marc:subfield code="4">prf</marc:subfield>
      </marc:datafield>
      <marc:datafield tag="935" ind1=" " ind2=" ">
         <marc:subfield code="c">vide</marc:subfield>
         <marc:subfield code="c">muto</marc:subfield>
      </marc:datafield>
      <marc:datafield tag="936" ind1="r" ind2="v">
         <marc:subfield code="a">AP 88150</marc:subfield>
         <marc:subfield code="b">Inszenierung, Kritik</marc:subfield>
         <marc:subfield code="k">Allgemeines</marc:subfield>
         <marc:subfield code="k">Medien- und Kommunikationswissenschaften, Kommunikationsdesign</marc:subfield>
         <marc:subfield code="k">Tanz</marc:subfield>
         <marc:subfield code="k">Ballett</marc:subfield>
         <marc:subfield code="k">Inszenierung, Kritik</marc:subfield>
         <marc:subfield code="0">(DE-627)1270694049</marc:subfield>
         <marc:subfield code="0">(DE-625)rvk/8105:</marc:subfield>
         <marc:subfield code="0">(DE-576)200694049</marc:subfield>
      </marc:datafield>
      <marc:datafield tag="936" ind1="r" ind2="v">
         <marc:subfield code="a">AP 88100</marc:subfield>
         <marc:subfield code="b">Choreografie, Dramaturgie, Libretto, Regie</marc:subfield>
         <marc:subfield code="k">Allgemeines</marc:subfield>
         <marc:subfield code="k">Medien- und Kommunikationswissenschaften, Kommunikationsdesign</marc:subfield>
         <marc:subfield code="k">Tanz</marc:subfield>
         <marc:subfield code="k">Ballett</marc:subfield>
         <marc:subfield code="k">Choreografie, Dramaturgie, Libretto, Regie</marc:subfield>
         <marc:subfield code="0">(DE-627)1270694030</marc:subfield>
         <marc:subfield code="0">(DE-625)rvk/8104:</marc:subfield>
         <marc:subfield code="0">(DE-576)200694030</marc:subfield>
      </marc:datafield>
      <marc:datafield tag="937" ind1=" " ind2=" ">
         <marc:subfield code="a">Operinszenierung</marc:subfield>
         <marc:subfield code="b">Großbritannien</marc:subfield>
         <marc:subfield code="c">2009</marc:subfield>
      </marc:datafield>
      <marc:datafield tag="951" ind1=" " ind2=" ">
         <marc:subfield code="a">BO</marc:subfield>
      </marc:datafield>
   </marc:record>